@inproceedings{2016IEEE,
  title={IEEE Standard for Low-Rate Wireless Networks},
  booktitle={IEEE Std 802.15.4-2015 (Revision of IEEE Std 802.15.4-2011)},
  year={2016},
  url = {https://doi.org/10. 1109/IEEESTD.2016.7460875},
}

@misc{2019Minstrel,
  url = {https://sourceforge.net/p/madwifi/svn/HEAD/tree/madwifi/trunk/ath_rate/minstrel/minstrel.txt},
  year = 2019,
  title = {Description of the Minstrel Algorithm. },
}

@misc{2019DCE,
    title = {Description of the Minstrel Algorithm.},
    year = {2019},
    url = {https://sourceforge.net/p/madwifi/ svn/HEAD/tree/madwifi/trunk/ath_rate/minstrel/minstrel.txt}
}

@article{BabaeiOn,
  title={On the Impact of LTE-U on Wi-Fi Performance},
  author={Babaei, Alireza and Andreoli-Fang, Jennifer and Pang, Yimin and Hamzeh, Belal},
  journal={International Journal of Wireless Information Networks},
  volume={22},
  number={4},
  pages={336-344},
  url = {https://doi.org/10.1007/s10776-015-0288-6},
}

@article{BaldoSpectrum,
  title={Spectrum-aware Channel and PHY layer modeling for ns3},
  author={Baldo, Nicola and Miozzo, Marco},
  url = {https://doi.org/10.4108/ICST.VALUETOOLS2009.7647},
}

@phdthesis{cabral2019machine,
  title={A Machine Learning Approach for Path Loss Estimation in Emerging Wireless Networks},
  author={Cabral, J},
  year={2019},
  school={MSc Thesis, MIEIC, FEUP, Universidade do Porto}
}

@article{camara2014dce,
  title={DCE: Test the real code of your protocols and applications over simulated networks},
  author={Camara, Daniel and Tazaki, Hajime and Mancini, Emilio and Turletti, Thierry and Dabbous, Walid and Lacage, Mathieu},
  journal={IEEE Communications Magazine},
  volume={52},
  number={3},
  pages={104--110},
  year={2014},
  publisher={IEEE},
  url = {https://doi.org/10.1109/MCOM.2014.6766093},
}

@inproceedings{campos2016bluecom,
  title={BLUECOM+: Cost-effective broadband communications at remote ocean areas},
  author={Campos, Rui and Oliveira, Tiago and Cruz, Nuno and Matos, An{\'\i}bal and Almeida, Jos{\'e} Miguel},
  booktitle={OCEANS 2016-Shanghai},
  pages={1--6},
  year={2016},
  organization={IEEE},
  url = {https://doi.org/10.1109/ OCEANSAP.2016.7485532},
}

@article{carneiro2011fast,
  title={Fast prototyping of network protocols through ns-3 simulation model reuse},
  author={Carneiro, Gustavo and Fontes, Helder and Ricardo, Manuel},
  journal={Simulation modelling practice and theory},
  volume={19},
  number={9},
  pages={2063--2075},
  year={2011},
  publisher={Elsevier},
  url = {https://doi.org/10.1016/j.simpat. 2011.06.002},
}

@misc{DCE2019,
    author = {DCE},
    title = {Direct Code Execution (DCE) Manual.},
    year = {2019},
    url = {https://www.nsnam.org/docs/ dce/manual/ns-3-dce-manual.pdf}
}

@article{fontes2010multi,
  title={Multi-technology router for mobile networks: layer 2 overlay network over private and public wireless links},
  author={Fontes, Helder Martins and others},
  year={2010},
  url = {http://repositorio-aberto.up. pt/handle/10216/71333},
}

@inproceedings{fontes2015improving,
  title={Improving ns-3 emulation support in real-world networking scenarios},
  author={Fontes, Helder and Campos, Rui and Ricardo, Manuel},
  booktitle={Proceedings of the 8th International Conference on Simulation Tools and Techniques},
  pages={261--266},
  year={2015},
  organization={ICST (Institute for Computer Sciences, Social-Informatics and~…},
  url = {https://doi.org/10.4108/eai.24-8-2015.2261074},
}

@inproceedings{Fontes2017A,
  title={A Trace-based ns-3 Simulation Approach for Perpetuating Real-World Experiments},
  author={Fontes, Helder and Rui, Campos and Ricardo, Manuel},
  booktitle={the Workshop},
  year={2017},
  url = {https: //doi.org/10.1145/3067665.3067681},
}

@inproceedings{fontes2018improving,
  title={Improving the ns-3 TraceBasedPropagationLossModel to support multiple access wireless scenarios},
  author={Fontes, Helder and Campos, Rui and Ricardo, Manuel},
  booktitle={Proceedings of the 10th Workshop on ns-3},
  pages={77--83},
  year={2018},
  organization={ACM},
  url = {https://doi.org/10.1145/3199902.3199912}
}

@inproceedings{fontes2016improving,
  title={Improving ns-3 emulation performance for fast prototyping of network protocols},
  author={Fontes, Helder and Cardoso, Tiago and Ricardo, Manuel},
  booktitle={Proceedings of the Workshop on ns-3},
  pages={108--115},
  year={2016},
  organization={ACM},
  url = {https: //doi.org/10.1145/2915371.2915374},
}

@inproceedings{franchi2017kinematic,
  title={Kinematic Constraints and ns-3 Mobility Models: the AUV Issue},
  author={Franchi, Matteo and Pecorella, Tommaso and Ridolfi, Alessandro and Fantacci, Romano and Allotta, Benedetto},
  booktitle={Proceedings of the Workshop on ns-3},
  pages={103--109},
  year={2017},
  organization={ACM},
  url = {https://doi. org/10.1145/3067665.3067673},
}

@article{friis1946note,
  title={A note on a simple transmission formula},
  author={Friis, Harald T},
  journal={Proceedings of the IRE},
  volume={34},
  number={5},
  pages={254--256},
  year={1946},
  publisher={IEEE},
  url = {https://doi.org/10.1109/JRPROC.1946.234568},
}

@misc{imputato2017high,
  title={High performance emulation of real devices in ns-3},
  author={Imputato, P},
  year={2017},
  url = {https://www.nsnam.org/wiki/SOCIS2017},
}

@inproceedings{imputato2017network,
  title={Network Emulation Support in ns-3 Through Kernel Bypass Techniques},
  author={Imputato, Pasquale and Avallone, Stefano and Pecorella, Tommaso},
  booktitle={Proceedings of the 11th EAI International Conference on Performance Evaluation Methodologies and Tools},
  pages={259--260},
  year={2017},
  organization={ACM},
  url = {https://doi.org/10.1145/3150928.3150966},
}

@inproceedings{kurth2006multi,
  title={Multi-channel link-level measurements in 802.11 mesh networks},
  author={Kurth, Mathias and Zubow, Anatolij and Redlich, Jens-Peter},
  booktitle={Proceedings of the 2006 international conference on Wireless communications and mobile computing},
  pages={937--944},
  year={2006},
  organization={ACM}
}

@misc{mota2018framework,
  title={Framework for Offline Wireless Network Experimentation},
  author={Mota, Jo{\~a}o},
  year={2018},
  publisher={Master’s thesis, Faculdade de Engenharia da Universidade do Porto, Portugal},
  url = {https://repositorio-aberto.up.pt/handle/10216/114134},
}

@misc{ns2019,
  author = {ns-3},
    title = {ns-3.29 Emulation Overview – Model Library.},
    year = {2019},
    url = {https://www.nsnam.org/docs/release/3.29/models/html/emulation-overview.html},
}

@article{pei2010validation,
  title={Validation of OFDM error rate model in ns-3},
  author={Pei, Guangyu and Henderson, Thomas R},
  journal={Boeing Research Technology},
  pages={1--15},
  year={2010},
  url = {https://www.nsnam.org/~pei/ 80211ofdm.pdf},
}

@misc{SITMe2010,
  author = {SITMe},
    title = {SITMe’s Project Website.},
    year = {2010},
    url = {http://www.sitme.org Accessed February},
}

@misc{SpectrumPhy2019,
  author = {SpectrumPhy},
    title = {ns-3 Spectrum Model.},
    year = {2019}
}

@misc{SUNNY2018,
  author = {SUNNY},
    title = {SUNNY - Smart Unattended Airborne Sensor Network for Detection of Vessels used for Cross Border Crime and Irregular Entry.},
    year = {2018},
    url = {http: //www.sunnyproject.eu/ Accessed February},
}

@inproceedings{Tazaki2013Direct,
  title={Direct Code Execution: Revisiting Library OS Architecture for Reproducible Network Experiments},
  author={Tazaki, Hajime and Urbani, Frédéric and Mancini, Emilio and Lacage, Mathieu and Dabbous, Walid},
  booktitle={The 9th International Conference on emerging Networking EXperiments and Technologies (CoNEXT)},
  year={2013},
  url = {https://doi.org/10.1145/2535372.2535374},
}