%Deep learning for Traffic Engineering


@inproceedings{afaqui2019implementation,
  title={Implementation of the 3GPP LTE-WLAN Inter-working Protocols in ns-3},
  author={Afaqui, M Shahwaiz and Cano, Cristina and Kotzsch, Vincent and Felber, Clemens and Nitzold, Walter},
  booktitle={Proceedings of the 2019 Workshop on ns-3},
  pages={25--32},
  year={2019},
  organization={ACM}
}


@article{access2008and,
  title={and Evolved Universal Terrestrial Radio Access Network (E-UTRAN)},
  author={Access, Evolved Universal Terrestrial Radio},
  journal={Overall description},
  volume={126},
  year={2008}
}

@article{alliance2017multefire,
  title={Multefire release 1.0 technical paper},
  author={Alliance, MulteFire},
  journal={White Paper, Jan},
  year={2017}
}

@article{U-LTE,
  title={U-LTE: Unlicensed Spectrum Utilization of LTE},
  author={HUAWEI},
  journal={White Paper, Jan},
  year={2014}
}


@article{index2017global,
  title={Global mobile data traffic forecast update, 2016--2021 white paper},
  author={Index, Cisco Visual Networking},
  journal={Cisco: San Jose, CA, USA},
  year={2017}
}

@Inbook{LTE,
  title={LTE Overview},
  author={M. Nohrborg},
  note = {\url{http://www.npac.syr.edu/projects/
                cpsedu/summer98summary/ examples/hpf/hpf.html}},
  year = {2015}
}

@Inbook{Simulator,
  title={The Network Simulator ns-3},
  author={ns-3 project},
  note = {\url{www.nsnam.org}}
}

